<?xml version = "1.0" encoding = "UTF-8"?><record>
  <leader>01697nam#a2200421#c#4500</leader>
  <controlfield tag="005">20210712103000.0</controlfield>
  <controlfield tag="007">tu</controlfield>
  <controlfield tag="008">100607|2011####gw#####|######|||#u#ger#c</controlfield>
  <controlfield tag="003">DE-605</controlfield>
  <controlfield tag="001">990180762280206441</controlfield>
  <datafield tag="015" ind1=" " ind2=" ">
    <subfield code="a">10,N20</subfield>
    <subfield code="2">dnb</subfield>
  </datafield>
  <datafield tag="016" ind1="7" ind2=" ">
    <subfield code="a">1075697907</subfield>
    <subfield code="2">OCoLC</subfield>
  </datafield>
  <datafield tag="016" ind1="7" ind2=" ">
    <subfield code="a">1002408652</subfield>
    <subfield code="2">DE-101b</subfield>
  </datafield>
  <datafield tag="020" ind1=" " ind2=" ">
    <subfield code="a">9783527706495</subfield>
    <subfield code="c">PB. : ca. EUR 24.95</subfield>
    <subfield code="9">978-3-527-70649-5</subfield>
    <subfield code="0">(uri) http://www.isbnsearch.org/isbn/9783527706495</subfield>
  </datafield>
  <datafield tag="024" ind1="3" ind2=" ">
    <subfield code="a">9783527706495</subfield>
    <subfield code="0">(uri) http://www.isbnsearch.org/isbn/9783527706495</subfield>
  </datafield>
  <datafield tag="028" ind1="5" ind2="2">
    <subfield code="a">1170649 000</subfield>
  </datafield>
  <datafield tag="035" ind1=" " ind2=" ">
    <subfield code="a">(DE-605)HT016382441</subfield>
  </datafield>
  <datafield tag="040" ind1=" " ind2=" ">
    <subfield code="a">6</subfield>
    <subfield code="b">ger</subfield>
    <subfield code="c">DNB</subfield>
    <subfield code="d">51</subfield>
    <subfield code="e">rakddb</subfield>
    <subfield code="d">DE-605</subfield>
  </datafield>
  <datafield tag="041" ind1=" " ind2=" ">
    <subfield code="a">ger</subfield>
    <subfield code="h">eng</subfield>
  </datafield>
  <datafield tag="044" ind1=" " ind2=" ">
    <subfield code="c">XA-DE</subfield>
  </datafield>
  <datafield tag="084" ind1=" " ind2=" ">
    <subfield code="a">820</subfield>
    <subfield code="2">rpb</subfield>
  </datafield>
  <datafield tag="090" ind1=" " ind2=" ">
    <subfield code="h">h</subfield>
  </datafield>
  <datafield tag="100" ind1="1" ind2=" ">
    <subfield code="a">Blum, Richard</subfield>
    <subfield code="d">1962-</subfield>
    <subfield code="0">(DE-588)14320713X</subfield>
    <subfield code="4">aut</subfield>
    <subfield code="0">(uri) https://portal.dnb.de/opac.htm?method=simpleSearch&amp;cqlMode=true&amp;query=idn=14320713X</subfield>
    <subfield code="0">(uri) http://viaf.org/viaf/sourceID/DNB|14320713X</subfield>
    <subfield code="B">GND-14320713X</subfield>
  </datafield>
  <datafield tag="240" ind1="1" ind2="0">
    <subfield code="a">Linux for dummies</subfield>
    <subfield code="g">dt.</subfield>
  </datafield>
  <datafield tag="245" ind1="1" ind2="0">
    <subfield code="a">Linux f&#252;r Dummies</subfield>
    <subfield code="b">[frei wie ein Pinguin ; auf einen Blick: Linux schnell und sicher installieren, KDE, GNOME und GUI geschickt einsetzen, OpenOffice clever nutzen ; alles f&#252;r Ihr Rendezvous mit dem Pinguin]</subfield>
    <subfield code="c">Richard Blum</subfield>
  </datafield>
  <datafield tag="250" ind1=" " ind2=" ">
    <subfield code="a">1. Aufl.</subfield>
  </datafield>
  <datafield tag="264" ind1=" " ind2="1">
    <subfield code="a">Weinheim</subfield>
    <subfield code="b">Wiley-VCH</subfield>
    <subfield code="c">2011</subfield>
  </datafield>
  <datafield tag="300" ind1=" " ind2=" ">
    <subfield code="a">418 S. : zahlr. Ill., graph. Darst.</subfield>
    <subfield code="e">1 DVD-ROM (12 cm)</subfield>
  </datafield>
  <datafield tag="490" ind1="0" ind2=" ">
    <subfield code="a">... f&#252;r Dummies</subfield>
  </datafield>
  <datafield tag="689" ind1="0" ind2="0">
    <subfield code="a">LINUX</subfield>
    <subfield code="D">s</subfield>
    <subfield code="0">(DE-588)4337730-0</subfield>
    <subfield code="0">(uri) https://portal.dnb.de/opac.htm?method=simpleSearch&amp;cqlMode=true&amp;query=idn=940933497</subfield>
    <subfield code="0">(uri) http://viaf.org/viaf/sourceID/DNB|940933497</subfield>
    <subfield code="B">GND-940933497</subfield>
  </datafield>
  <datafield tag="856" ind1="4" ind2="2">
    <subfield code="q">text/html</subfield>
    <subfield code="u">http://deposit.d-nb.de/cgi-bin/dokserv?id=3474380&amp;prov=M&amp;dok_var=1&amp;dok_ext=htm</subfield>
    <subfield code="3">Inhaltstext</subfield>
  </datafield>
  <datafield tag="856" ind1="4" ind2="2">
    <subfield code="m">B:DE-101</subfield>
    <subfield code="q">application/pdf</subfield>
    <subfield code="u">http://digitale-objekte.hbz-nrw.de/storage/2011/01/15/file_1/4027722.pdf</subfield>
    <subfield code="3">Inhaltsverzeichnis</subfield>
    <subfield code="9">O:PKN</subfield>
  </datafield>
  <datafield tag="964" ind1="0" ind2="s">
    <subfield code="F">051</subfield>
    <subfield code="A">m|||z|||</subfield>
  </datafield>
  <datafield tag="964" ind1="0" ind2="s">
    <subfield code="F">030</subfield>
    <subfield code="A">a|1daz|z|||17</subfield>
  </datafield>
  <datafield tag="964" ind1="0" ind2="s">
    <subfield code="F">050</subfield>
    <subfield code="A">a|a|||||||||||</subfield>
  </datafield>
  <datafield tag="035" ind1=" " ind2=" ">
    <subfield code="a">(OCoLC)1075697907</subfield>
    <subfield code="0">(uri) http://www.worldcat.org/oclc/1075697907</subfield>
  </datafield>
  <datafield tag="035" ind1=" " ind2=" ">
    <subfield code="a">(DE-599)DNB1002408652</subfield>
  </datafield>
  <datafield tag="538" ind1=" " ind2=" ">
    <subfield code="a">DVD-ROM enth. Komplett-Distribution openSUSE 11.3, Live-Versionen von openSUSE 11.3 (KDE und GNOME), Live-Version von Ubuntu 10.04</subfield>
  </datafield>
  <datafield tag="546" ind1=" " ind2=" ">
    <subfield code="a">Aus dem Engl. &#252;bers.</subfield>
  </datafield>
  <datafield tag="MBD" ind1=" " ind2=" ">
    <subfield code="M">49HBZ_NETWORK</subfield>
    <subfield code="i">990180762280206441</subfield>
    <subfield code="n">HBZ Network</subfield>
  </datafield>
  <datafield tag="MBD" ind1=" " ind2=" ">
    <subfield code="M">49HBZ_FHA</subfield>
    <subfield code="i">991003799169706444</subfield>
    <subfield code="n">FHB Aachen</subfield>
  </datafield>
  <datafield tag="020" ind1=" " ind2=" ">
    <subfield code="a">9783527706495</subfield>
    <subfield code="c">PB. : ca. EUR 24.95</subfield>
    <subfield code="9">978-3-527-70649-5</subfield>
    <subfield code="M">49HBZ_FHA</subfield>
  </datafield>
  <datafield tag="856" ind1="4" ind2="2">
    <subfield code="m">B:DE-101</subfield>
    <subfield code="q">application/pdf</subfield>
    <subfield code="u">http://digitale-objekte.hbz-nrw.de/storage/2011/01/15/file_1/4027722.pdf</subfield>
    <subfield code="3">Inhaltsverzeichnis</subfield>
    <subfield code="9">O:PKN</subfield>
    <subfield code="M">49HBZ_FHA</subfield>
  </datafield>
  <datafield tag="980" ind1="1" ind2=" ">
    <subfield code="e">HBZ</subfield>
    <subfield code="9">LOCAL</subfield>
    <subfield code="M">49HBZ_FHA</subfield>
  </datafield>
  <datafield tag="981" ind1=" " ind2=" ">
    <subfield code="a">(A96)280371</subfield>
    <subfield code="9">LOCAL</subfield>
    <subfield code="M">49HBZ_FHA</subfield>
  </datafield>
  <datafield tag="983" ind1=" " ind2=" ">
    <subfield code="b">TWR</subfield>
    <subfield code="9">LOCAL</subfield>
    <subfield code="M">49HBZ_FHA</subfield>
  </datafield>
  <datafield tag="989" ind1=" " ind2=" ">
    <subfield code="a">neu1101</subfield>
    <subfield code="9">LOCAL</subfield>
    <subfield code="M">49HBZ_FHA</subfield>
  </datafield>
  <datafield tag="991" ind1=" " ind2=" ">
    <subfield code="a">br/hu</subfield>
    <subfield code="9">LOCAL</subfield>
    <subfield code="M">49HBZ_FHA</subfield>
  </datafield>
  <datafield tag="997" ind1=" " ind2=" ">
    <subfield code="a">20101203</subfield>
    <subfield code="9">LOCAL</subfield>
    <subfield code="M">49HBZ_FHA</subfield>
  </datafield>
  <datafield tag="MBD" ind1=" " ind2=" ">
    <subfield code="M">49HBZ_BIE</subfield>
    <subfield code="i">991012093849706442</subfield>
    <subfield code="n">UB Bielefeld</subfield>
  </datafield>
  <datafield tag="020" ind1=" " ind2=" ">
    <subfield code="a">9783527706495</subfield>
    <subfield code="c">PB. : ca. EUR 24.95</subfield>
    <subfield code="9">978-3-527-70649-5</subfield>
    <subfield code="M">49HBZ_BIE</subfield>
  </datafield>
  <datafield tag="856" ind1="4" ind2="2">
    <subfield code="m">B:DE-101</subfield>
    <subfield code="q">application/pdf</subfield>
    <subfield code="u">http://digitale-objekte.hbz-nrw.de/storage/2011/01/15/file_1/4027722.pdf</subfield>
    <subfield code="3">Inhaltsverzeichnis</subfield>
    <subfield code="9">O:PKN</subfield>
    <subfield code="M">49HBZ_BIE</subfield>
  </datafield>
  <datafield tag="980" ind1="1" ind2=" ">
    <subfield code="e">HBZ</subfield>
    <subfield code="9">LOCAL</subfield>
    <subfield code="M">49HBZ_BIE</subfield>
  </datafield>
  <datafield tag="981" ind1=" " ind2=" ">
    <subfield code="a">(DE-361)2198034</subfield>
    <subfield code="9">LOCAL</subfield>
    <subfield code="M">49HBZ_BIE</subfield>
  </datafield>
  <datafield tag="997" ind1=" " ind2=" ">
    <subfield code="a">20110110</subfield>
    <subfield code="9">LOCAL</subfield>
    <subfield code="M">49HBZ_BIE</subfield>
  </datafield>
  <datafield tag="MBD" ind1=" " ind2=" ">
    <subfield code="M">49HBZ_DUE</subfield>
    <subfield code="i">990023885730206443</subfield>
    <subfield code="n">ULB D&#252;sseldorf</subfield>
  </datafield>
  <datafield tag="020" ind1=" " ind2=" ">
    <subfield code="a">9783527706495</subfield>
    <subfield code="c">PB. : ca. EUR 24.95</subfield>
    <subfield code="9">978-3-527-70649-5</subfield>
    <subfield code="M">49HBZ_DUE</subfield>
  </datafield>
  <datafield tag="856" ind1="4" ind2="2">
    <subfield code="m">B:DE-101</subfield>
    <subfield code="q">application/pdf</subfield>
    <subfield code="u">http://digitale-objekte.hbz-nrw.de/storage/2011/01/15/file_1/4027722.pdf</subfield>
    <subfield code="3">Inhaltsverzeichnis</subfield>
    <subfield code="9">O:PKN</subfield>
    <subfield code="M">49HBZ_DUE</subfield>
  </datafield>
  <datafield tag="983" ind1=" " ind2=" ">
    <subfield code="a">datg430</subfield>
    <subfield code="9">LOCAL</subfield>
    <subfield code="M">49HBZ_DUE</subfield>
  </datafield>
  <datafield tag="996" ind1=" " ind2=" ">
    <subfield code="s">Dummy</subfield>
    <subfield code="0">(DE-588)4150860-9</subfield>
    <subfield code="9">LOCAL</subfield>
    <subfield code="M">49HBZ_DUE</subfield>
  </datafield>
  <datafield tag="996" ind1=" " ind2=" ">
    <subfield code="s">KDE</subfield>
    <subfield code="0">(DE-588)4529580-3</subfield>
    <subfield code="9">LOCAL</subfield>
    <subfield code="M">49HBZ_DUE</subfield>
  </datafield>
  <datafield tag="996" ind1=" " ind2=" ">
    <subfield code="s">Rendezvous</subfield>
    <subfield code="0">(DE-588)4384198-3</subfield>
    <subfield code="9">LOCAL</subfield>
    <subfield code="M">49HBZ_DUE</subfield>
  </datafield>
  <datafield tag="996" ind1=" " ind2=" ">
    <subfield code="a">Blick</subfield>
    <subfield code="9">LOCAL</subfield>
    <subfield code="M">49HBZ_DUE</subfield>
  </datafield>
  <datafield tag="996" ind1=" " ind2=" ">
    <subfield code="a">Einsatz</subfield>
    <subfield code="9">LOCAL</subfield>
    <subfield code="M">49HBZ_DUE</subfield>
  </datafield>
  <datafield tag="996" ind1=" " ind2=" ">
    <subfield code="a">Gnom</subfield>
    <subfield code="9">LOCAL</subfield>
    <subfield code="M">49HBZ_DUE</subfield>
  </datafield>
  <datafield tag="996" ind1=" " ind2=" ">
    <subfield code="a">Installation</subfield>
    <subfield code="9">LOCAL</subfield>
    <subfield code="M">49HBZ_DUE</subfield>
  </datafield>
  <datafield tag="996" ind1=" " ind2=" ">
    <subfield code="a">Nutzanwendung</subfield>
    <subfield code="9">LOCAL</subfield>
    <subfield code="M">49HBZ_DUE</subfield>
  </datafield>
  <datafield tag="996" ind1=" " ind2=" ">
    <subfield code="a">Nutzung</subfield>
    <subfield code="9">LOCAL</subfield>
    <subfield code="M">49HBZ_DUE</subfield>
  </datafield>
  <datafield tag="996" ind1=" " ind2=" ">
    <subfield code="a">Schickung</subfield>
    <subfield code="9">LOCAL</subfield>
    <subfield code="M">49HBZ_DUE</subfield>
  </datafield>
  <datafield tag="996" ind1=" " ind2=" ">
    <subfield code="a">Sicherung</subfield>
    <subfield code="9">LOCAL</subfield>
    <subfield code="M">49HBZ_DUE</subfield>
  </datafield>
  <datafield tag="996" ind1=" " ind2=" ">
    <subfield code="a">all</subfield>
    <subfield code="9">LOCAL</subfield>
    <subfield code="M">49HBZ_DUE</subfield>
  </datafield>
  <datafield tag="996" ind1=" " ind2=" ">
    <subfield code="a">alle</subfield>
    <subfield code="9">LOCAL</subfield>
    <subfield code="M">49HBZ_DUE</subfield>
  </datafield>
  <datafield tag="MNG" ind1=" " ind2=" ">
    <subfield code="c">System</subfield>
    <subfield code="f">HBZ</subfield>
    <subfield code="i">marc21</subfield>
    <subfield code="h">20210712103000.0</subfield>
    <subfield code="k">01</subfield>
    <subfield code="e">false</subfield>
    <subfield code="d">2021-07-12 11:00:45 Europe/Berlin</subfield>
    <subfield code="g">018076228-HBZ01</subfield>
    <subfield code="j">60</subfield>
    <subfield code="a">import</subfield>
    <subfield code="b">2021-04-06 02:29:30 Europe/Berlin</subfield>
  </datafield>
  <datafield tag="H52" ind1="8" ind2=" ">
    <subfield code="b">JUE</subfield>
    <subfield code="c">JUE_Frei</subfield>
    <subfield code="h">61 TWR 119</subfield>
    <subfield code="8">2281611890006444</subfield>
  </datafield>
  <datafield tag="HOL" ind1=" " ind2=" ">
    <subfield code="b">2021-04-20 15:41:13</subfield>
    <subfield code="8">2281611890006444</subfield>
    <subfield code="M">49HBZ_FHA</subfield>
    <subfield code="g">false</subfield>
    <subfield code="a">import</subfield>
  </datafield>
  <datafield tag="ITM" ind1=" " ind2=" ">
    <subfield code="H">2281611890006444</subfield>
    <subfield code="x">JUE_Frei</subfield>
    <subfield code="f">BOOK</subfield>
    <subfield code="v">JUE_Frei</subfield>
    <subfield code="X">System</subfield>
    <subfield code="U">2021-04-20 10:59:00</subfield>
    <subfield code="Y">2021-04-20 15:41:49</subfield>
    <subfield code="h">false</subfield>
    <subfield code="P">ClassificationNo: 1309</subfield>
    <subfield code="G">1</subfield>
    <subfield code="Q">Fernleihkonditionen: 0</subfield>
    <subfield code="M">49HBZ_FHA</subfield>
    <subfield code="s">1</subfield>
    <subfield code="d">8</subfield>
    <subfield code="V">import</subfield>
    <subfield code="b">61 TWR 119+1</subfield>
    <subfield code="O">SISIS-Ausleihz&#228;hler Migrationsjahr: 0 | SISIS-Ausleihz&#228;hler Vor-Migrationsjahr: 0 | SISIS-Ausleihz&#228;hler vorletztes Migrationsjahr: 0 | SISIS-Vormerkz&#228;hler Migrationsjahr: 0</subfield>
    <subfield code="N">SISIS-Buchdaten-Aufnahmedatum: 2011-01-13 | Altersbegrenzung: 0</subfield>
    <subfield code="a">2381611870006444</subfield>
    <subfield code="c">61 TWR 119</subfield>
    <subfield code="B">11/71</subfield>
    <subfield code="K">1 Beilagen</subfield>
    <subfield code="W">2021-04-20 15:41:13</subfield>
    <subfield code="u">JUE</subfield>
    <subfield code="w">JUE</subfield>
  </datafield>
  <datafield tag="ITM" ind1=" " ind2=" ">
    <subfield code="H">2281611890006444</subfield>
    <subfield code="x">JUE_Frei</subfield>
    <subfield code="f">BOOK</subfield>
    <subfield code="v">JUE_Frei</subfield>
    <subfield code="X">System</subfield>
    <subfield code="U">2021-04-20 10:59:00</subfield>
    <subfield code="Y">2021-04-20 15:41:49</subfield>
    <subfield code="h">false</subfield>
    <subfield code="P">ClassificationNo: 1309</subfield>
    <subfield code="G">1</subfield>
    <subfield code="Q">Fernleihkonditionen: 0</subfield>
    <subfield code="M">49HBZ_FHA</subfield>
    <subfield code="s">1</subfield>
    <subfield code="d">8</subfield>
    <subfield code="V">import</subfield>
    <subfield code="b">61 TWR 119+2</subfield>
    <subfield code="O">SISIS-Ausleihz&#228;hler Migrationsjahr: 0 | SISIS-Ausleihz&#228;hler Vor-Migrationsjahr: 0 | SISIS-Ausleihz&#228;hler vorletztes Migrationsjahr: 0 | SISIS-Vormerkz&#228;hler Migrationsjahr: 0 | SISIS-vorletztes R&#252;ckgabedatum: 2018-11-14</subfield>
    <subfield code="N">SISIS-Buchdaten-Aufnahmedatum: 2011-01-13 | Altersbegrenzung: 0</subfield>
    <subfield code="a">2381611860006444</subfield>
    <subfield code="c">61 TWR 119</subfield>
    <subfield code="B">11/71</subfield>
    <subfield code="K">1 Beilagen</subfield>
    <subfield code="W">2021-04-20 15:41:13</subfield>
    <subfield code="u">JUE</subfield>
    <subfield code="w">JUE</subfield>
  </datafield>
  <datafield tag="ITM" ind1=" " ind2=" ">
    <subfield code="H">2281611890006444</subfield>
    <subfield code="x">JUE_Frei</subfield>
    <subfield code="f">BOOK</subfield>
    <subfield code="v">JUE_Frei</subfield>
    <subfield code="X">System</subfield>
    <subfield code="U">2021-04-20 10:59:00</subfield>
    <subfield code="Y">2021-04-20 15:41:49</subfield>
    <subfield code="h">false</subfield>
    <subfield code="P">ClassificationNo: 1309</subfield>
    <subfield code="G">1</subfield>
    <subfield code="Q">Fernleihkonditionen: 0</subfield>
    <subfield code="M">49HBZ_FHA</subfield>
    <subfield code="s">1</subfield>
    <subfield code="d">8</subfield>
    <subfield code="V">import</subfield>
    <subfield code="b">61 TWR 119</subfield>
    <subfield code="O">SISIS-Ausleihz&#228;hler Migrationsjahr: 0 | SISIS-Ausleihz&#228;hler Vor-Migrationsjahr: 0 | SISIS-Ausleihz&#228;hler vorletztes Migrationsjahr: 0 | SISIS-Vormerkz&#228;hler Migrationsjahr: 0 | SISIS-vorletztes R&#252;ckgabedatum: 2016-05-04</subfield>
    <subfield code="N">SISIS-Buchdaten-Aufnahmedatum: 2011-01-11 | Altersbegrenzung: 0</subfield>
    <subfield code="a">2381611880006444</subfield>
    <subfield code="c">61 TWR 119</subfield>
    <subfield code="B">11/71</subfield>
    <subfield code="K">1 Beilagen</subfield>
    <subfield code="W">2021-04-20 15:41:13</subfield>
    <subfield code="u">JUE</subfield>
    <subfield code="w">JUE</subfield>
  </datafield>
  <datafield tag="H52" ind1="8" ind2=" ">
    <subfield code="b">UB_BI</subfield>
    <subfield code="c">10_AV</subfield>
    <subfield code="h">HI088.88-4332104</subfield>
    <subfield code="8">22259349250006442</subfield>
  </datafield>
  <datafield tag="HOL" ind1=" " ind2=" ">
    <subfield code="b">2021-04-19 04:56:03</subfield>
    <subfield code="8">22259349250006442</subfield>
    <subfield code="M">49HBZ_BIE</subfield>
    <subfield code="g">false</subfield>
    <subfield code="a">import</subfield>
  </datafield>
  <datafield tag="H52" ind1="8" ind2=" ">
    <subfield code="b">UB_BI</subfield>
    <subfield code="c">10I_Mono</subfield>
    <subfield code="h">HK360=L760 B658</subfield>
    <subfield code="8">22259349270006442</subfield>
  </datafield>
  <datafield tag="HOL" ind1=" " ind2=" ">
    <subfield code="b">2021-04-19 04:56:03</subfield>
    <subfield code="8">22259349270006442</subfield>
    <subfield code="M">49HBZ_BIE</subfield>
    <subfield code="g">false</subfield>
    <subfield code="a">import</subfield>
  </datafield>
  <datafield tag="ITM" ind1=" " ind2=" ">
    <subfield code="H">22259349250006442</subfield>
    <subfield code="x">10_AV</subfield>
    <subfield code="f">BOOK</subfield>
    <subfield code="v">10_AV</subfield>
    <subfield code="p">item_08</subfield>
    <subfield code="X">Cutover_Fix_OSID</subfield>
    <subfield code="U">2021-04-18 10:59:00</subfield>
    <subfield code="Y">2021-04-19 04:56:30</subfield>
    <subfield code="h">false</subfield>
    <subfield code="J">DVD-ROM</subfield>
    <subfield code="M">49HBZ_BIE</subfield>
    <subfield code="s">1</subfield>
    <subfield code="d">8</subfield>
    <subfield code="V">import</subfield>
    <subfield code="L">Abteilung/Standort/Haushaltsstufe: 10#St | SISIS-Magazindrucker: 0 | HBZ01: HT016382441 | Keine Beilagen: 1</subfield>
    <subfield code="b">108/4332104+01</subfield>
    <subfield code="O">SISIS-Ausleihz&#228;hler vorletztes Migrationsjahr: 0 | SISIS-Vormerkz&#228;hler Migrationsjahr: 0 | SISIS-vorletztes R&#252;ckgabedatum: 2012-09-03 | SISIS-Buchdaten-Aufnahmedatum: 2011-01-10</subfield>
    <subfield code="N">Fernleihkonditionen: 0 | Sigel: 361 | Klassifikation: 10_AV | Altersbegrenzung: 0 | SISIS-Ausleihz&#228;hler Migrationsjahr: 0 | SISIS-Ausleihz&#228;hler Vor-Migrationsjahr: 0</subfield>
    <subfield code="a">23259349240006442</subfield>
    <subfield code="c">HI088.88-4332104</subfield>
    <subfield code="B">10-22357</subfield>
    <subfield code="W">2021-04-19 04:56:03</subfield>
    <subfield code="u">UB_BI</subfield>
    <subfield code="w">UB_BI</subfield>
  </datafield>
  <datafield tag="ITM" ind1=" " ind2=" ">
    <subfield code="H">22259349270006442</subfield>
    <subfield code="x">10I_Mono</subfield>
    <subfield code="f">BOOK</subfield>
    <subfield code="v">10I_Mono</subfield>
    <subfield code="p">item_08</subfield>
    <subfield code="X">System</subfield>
    <subfield code="U">2021-04-18 10:59:00</subfield>
    <subfield code="Y">2021-07-24 20:48:01</subfield>
    <subfield code="h">false</subfield>
    <subfield code="M">49HBZ_BIE</subfield>
    <subfield code="s">0</subfield>
    <subfield code="d">8</subfield>
    <subfield code="V">import</subfield>
    <subfield code="L">Abteilung/Standort/Haushaltsstufe: 10 | SISIS-Magazindrucker: 0 | HBZ01: HT016382441 | Keine Beilagen: 1</subfield>
    <subfield code="b">108/4332103+01</subfield>
    <subfield code="O">SISIS-Ausleihz&#228;hler vorletztes Migrationsjahr: 3 | SISIS-Vormerkz&#228;hler Migrationsjahr: 0 | SISIS-vorletztes R&#252;ckgabedatum: 2019-12-17 | SISIS-Buchdaten-Aufnahmedatum: 2011-01-10</subfield>
    <subfield code="N">Fernleihkonditionen: 0 | Sigel: 361 | Klassifikation: 10I_Mono | Altersbegrenzung: 0 | SISIS-Ausleihz&#228;hler Migrationsjahr: 0 | SISIS-Ausleihz&#228;hler Vor-Migrationsjahr: 0</subfield>
    <subfield code="a">23259349260006442</subfield>
    <subfield code="c">HK360=L760 B658</subfield>
    <subfield code="r">LOAN</subfield>
    <subfield code="B">10-22357</subfield>
    <subfield code="W">2021-04-19 04:56:03</subfield>
    <subfield code="u">UB_BI</subfield>
    <subfield code="w">UB_BI</subfield>
  </datafield>
  <datafield tag="H52" ind1="8" ind2=" ">
    <subfield code="b">X0001</subfield>
    <subfield code="c">00</subfield>
    <subfield code="h">nc/18910</subfield>
    <subfield code="8">22250782370006443</subfield>
  </datafield>
  <datafield tag="HOL" ind1=" " ind2=" ">
    <subfield code="b">2021-04-01 09:38:49</subfield>
    <subfield code="8">22250782370006443</subfield>
    <subfield code="M">49HBZ_DUE</subfield>
    <subfield code="g">false</subfield>
    <subfield code="a">import</subfield>
  </datafield>
  <datafield tag="ITM" ind1=" " ind2=" ">
    <subfield code="H">22250782370006443</subfield>
    <subfield code="x">00</subfield>
    <subfield code="f">MIXED</subfield>
    <subfield code="v">00</subfield>
    <subfield code="p">11</subfield>
    <subfield code="X">System</subfield>
    <subfield code="U">2010-11-09 10:59:00</subfield>
    <subfield code="Y">2021-04-01 09:39:28</subfield>
    <subfield code="h">false</subfield>
    <subfield code="P">07/d/n/1</subfield>
    <subfield code="M">49HBZ_DUE</subfield>
    <subfield code="s">1</subfield>
    <subfield code="d">8</subfield>
    <subfield code="V">import</subfield>
    <subfield code="b">120047701</subfield>
    <subfield code="a">23250782360006443</subfield>
    <subfield code="R">Maintenance count: 005</subfield>
    <subfield code="c">nc/18910</subfield>
    <subfield code="S">ZB10-14435</subfield>
    <subfield code="D">20110117</subfield>
    <subfield code="W">2021-04-01 09:38:49</subfield>
    <subfield code="u">X0001</subfield>
    <subfield code="w">X0001</subfield>
  </datafield>
  <datafield tag="GSI" ind1="7" ind2=" ">
    <subfield code="a">4337730-0</subfield>
    <subfield code="0">http://d-nb.info/gnd/4337730-0</subfield>
    <subfield code="2">gnd</subfield>
    <subfield code="A">GND</subfield>
    <subfield code="B">GND-940933497</subfield>
    <subfield code="C">024</subfield>
  </datafield>
  <datafield tag="GPN" ind1="1" ind2=" ">
    <subfield code="a">Blum, Richard Kenneth</subfield>
    <subfield code="d">1962-</subfield>
    <subfield code="A">GND</subfield>
    <subfield code="B">GND-14320713X</subfield>
    <subfield code="C">400</subfield>
  </datafield>
  <datafield tag="GSI" ind1="7" ind2=" ">
    <subfield code="a">http://d-nb.info/gnd/14320713X</subfield>
    <subfield code="2">uri</subfield>
    <subfield code="A">GND</subfield>
    <subfield code="B">GND-14320713X</subfield>
    <subfield code="C">024</subfield>
  </datafield>
</record>